@article{DBLP:journals/corr/DesaiGHJKMRR15,
  author    = {Aditya Desai and
               Sumit Gulwani and
               Vineet Hingorani and
               Nidhi Jain and
               Amey Karkare and
               Mark Marron and
               Sailesh R and
               Subhajit Roy},
  title     = {Program Synthesis using Natural Language},
  journal   = {CoRR},
  volume    = {abs/1509.00413},
  year      = {2015},
  url       = {http://arxiv.org/abs/1509.00413},
  timestamp = {Thu, 01 Oct 2015 14:28:48 +0200},
  biburl    = {http://dblp.uni-trier.de/rec/bib/journals/corr/DesaiGHJKMRR15},
  bibsource = {dblp computer science bibliography, http://dblp.org}
}

@article{DBLP:journals/ase/LittleM09,
  author    = {Greg Little and
               Robert C. Miller},
  title     = {Keyword programming in Java},
  journal   = {Autom. Softw. Eng.},
  volume    = {16},
  number    = {1},
  pages     = {37--71},
  year      = {2009},
  url       = {http://dx.doi.org/10.1007/s10515-008-0041-9},
  doi       = {10.1007/s10515-008-0041-9},
  timestamp = {Wed, 20 May 2009 15:53:49 +0200},
  biburl    = {http://dblp.uni-trier.de/rec/bib/journals/ase/LittleM09},
  bibsource = {dblp computer science bibliography, http://dblp.org}
}

@inproceedings{DBLP:conf/pldi/MandelinXBK05,
  author    = {David Mandelin and
               Lin Xu and
               Rastislav Bod{\'{\i}}k and
               Doug Kimelman},
  title     = {Jungloid mining: helping to navigate the {API} jungle},
  booktitle = {Proceedings of the {ACM} {SIGPLAN} 2005 Conference on Programming
               Language Design and Implementation, Chicago, IL, USA, June 12-15,
               2005},
  pages     = {48--61},
  year      = {2005},
  crossref  = {DBLP:conf/pldi/2005},
  url       = {http://doi.acm.org/10.1145/1065010.1065018},
  doi       = {10.1145/1065010.1065018},
  timestamp = {Wed, 15 Feb 2006 09:46:31 +0100},
  biburl    = {http://dblp.uni-trier.de/rec/bib/conf/pldi/MandelinXBK05},
  bibsource = {dblp computer science bibliography, http://dblp.org}
}

@article{DBLP:journals/corr/RaghothamanWH15,
  author    = {Mukund Raghothaman and
               Yi Wei and
               Youssef Hamadi},
  title     = {{SWIM:} Synthesizing What {I} Mean},
  journal   = {CoRR},
  volume    = {abs/1511.08497},
  year      = {2015},
  url       = {http://arxiv.org/abs/1511.08497},
  timestamp = {Tue, 01 Dec 2015 19:22:34 +0100},
  biburl    = {http://dblp.uni-trier.de/rec/bib/journals/corr/RaghothamanWH15},
  bibsource = {dblp computer science bibliography, http://dblp.org}
}

@inproceedings{DBLP:conf/icde/AgrawalCD02,
  author    = {Sanjay Agrawal and
               Surajit Chaudhuri and
               Gautam Das},
  title     = {DBXplorer: {A} System for Keyword-Based Search over Relational Databases},
  booktitle = {Proceedings of the 18th International Conference on Data Engineering,
               San Jose, CA, USA, February 26 - March 1, 2002},
  pages     = {5--16},
  year      = {2002},
  crossref  = {DBLP:conf/icde/2002},
  url       = {http://dx.doi.org/10.1109/ICDE.2002.994693},
  doi       = {10.1109/ICDE.2002.994693},
  timestamp = {Sat, 09 Aug 2014 14:37:13 +0200},
  biburl    = {http://dblp.uni-trier.de/rec/bib/conf/icde/AgrawalCD02},
  bibsource = {dblp computer science bibliography, http://dblp.org}
}

@inproceedings{DBLP:conf/icde/BhalotiaHNCS02,
  author    = {Gaurav Bhalotia and
               Arvind Hulgeri and
               Charuta Nakhe and
               Soumen Chakrabarti and
               S. Sudarshan},
  title     = {Keyword Searching and Browsing in Databases using {BANKS}},
  booktitle = {Proceedings of the 18th International Conference on Data Engineering,
               San Jose, CA, USA, February 26 - March 1, 2002},
  pages     = {431--440},
  year      = {2002},
  crossref  = {DBLP:conf/icde/2002},
  url       = {http://dx.doi.org/10.1109/ICDE.2002.994756},
  doi       = {10.1109/ICDE.2002.994756},
  timestamp = {Sat, 09 Aug 2014 14:37:16 +0200},
  biburl    = {http://dblp.uni-trier.de/rec/bib/conf/icde/BhalotiaHNCS02},
  bibsource = {dblp computer science bibliography, http://dblp.org}
}

@inproceedings{DBLP:conf/sigmod/GulwaniM14,
  author    = {Sumit Gulwani and
               Mark Marron},
  title     = {NLyze: interactive programming by natural language for spreadsheet
               data analysis and manipulation},
  booktitle = {International Conference on Management of Data, {SIGMOD} 2014, Snowbird,
               UT, USA, June 22-27, 2014},
  pages     = {803--814},
  year      = {2014},
  crossref  = {DBLP:conf/sigmod/2014},
  url       = {http://doi.acm.org/10.1145/2588555.2612177},
  doi       = {10.1145/2588555.2612177},
  timestamp = {Sun, 22 Jun 2014 11:31:11 +0200},
  biburl    = {http://dblp.uni-trier.de/rec/bib/conf/sigmod/GulwaniM14},
  bibsource = {dblp computer science bibliography, http://dblp.org}
}

@article{DBLP:journals/pvldb/LiJ14,
  author    = {Fei Li and
               H. V. Jagadish},
  title     = {Constructing an Interactive Natural Language Interface for Relational
               Databases},
  journal   = {{PVLDB}},
  volume    = {8},
  number    = {1},
  pages     = {73--84},
  year      = {2014},
  url       = {http://www.vldb.org/pvldb/vol8/p73-li.pdf},
  timestamp = {Thu, 11 Sep 2014 19:58:41 +0200},
  biburl    = {http://dblp.uni-trier.de/rec/bib/journals/pvldb/LiJ14},
  bibsource = {dblp computer science bibliography, http://dblp.org}
}

@article{DBLP:journals/tods/LiYJ07,
  author    = {Yunyao Li and
               Huahai Yang and
               H. V. Jagadish},
  title     = {NaLIX: {A} generic natural language search environment for {XML} data},
  journal   = {{ACM} Trans. Database Syst.},
  volume    = {32},
  number    = {4},
  year      = {2007},
  url       = {http://doi.acm.org/10.1145/1292609.1292620},
  doi       = {10.1145/1292609.1292620},
  timestamp = {Mon, 10 Dec 2007 14:40:08 +0100},
  biburl    = {http://dblp.uni-trier.de/rec/bib/journals/tods/LiYJ07},
  bibsource = {dblp computer science bibliography, http://dblp.org}
}

@inproceedings{DBLP:conf/mobisys/LeGS13,
  author    = {Vu Le and
               Sumit Gulwani and
               Zhendong Su},
  title     = {SmartSynth: synthesizing smartphone automation scripts from natural
               language},
  booktitle = {The 11th Annual International Conference on Mobile Systems, Applications,
               and Services, MobiSys'13, Taipei, Taiwan, June 25-28, 2013},
  pages     = {193--206},
  year      = {2013},
  crossref  = {DBLP:conf/mobisys/2013},
  url       = {http://doi.acm.org/10.1145/2462456.2464443},
  doi       = {10.1145/2462456.2464443},
  timestamp = {Thu, 05 Dec 2013 17:22:20 +0100},
  biburl    = {http://dblp.uni-trier.de/rec/bib/conf/mobisys/LeGS13},
  bibsource = {dblp computer science bibliography, http://dblp.org}
}

@article{DBLP:journals/cacm/GulwaniHS12,
  author    = {Sumit Gulwani and
               William R. Harris and
               Rishabh Singh},
  title     = {Spreadsheet data manipulation using examples},
  journal   = {Commun. {ACM}},
  volume    = {55},
  number    = {8},
  pages     = {97--105},
  year      = {2012},
  url       = {http://doi.acm.org/10.1145/2240236.2240260},
  doi       = {10.1145/2240236.2240260},
  timestamp = {Fri, 07 Sep 2012 09:00:32 +0200},
  biburl    = {http://dblp.uni-trier.de/rec/bib/journals/cacm/GulwaniHS12},
  bibsource = {dblp computer science bibliography, http://dblp.org}
}

@inproceedings{DBLP:conf/popl/Gulwani11,
  author    = {Sumit Gulwani},
  title     = {Automating string processing in spreadsheets using input-output examples},
  booktitle = {Proceedings of the 38th {ACM} {SIGPLAN-SIGACT} Symposium on Principles
               of Programming Languages, {POPL} 2011, Austin, TX, USA, January 26-28,
               2011},
  pages     = {317--330},
  year      = {2011},
  crossref  = {DBLP:conf/popl/2011},
  url       = {http://doi.acm.org/10.1145/1926385.1926423},
  doi       = {10.1145/1926385.1926423},
  timestamp = {Tue, 22 May 2012 15:24:56 +0200},
  biburl    = {http://dblp.uni-trier.de/rec/bib/conf/popl/Gulwani11},
  bibsource = {dblp computer science bibliography, http://dblp.org}
}

@inproceedings{DBLP:conf/pldi/HarrisG11,
  author    = {William R. Harris and
               Sumit Gulwani},
  title     = {Spreadsheet table transformations from examples},
  booktitle = {Proceedings of the 32nd {ACM} {SIGPLAN} Conference on Programming
               Language Design and Implementation, {PLDI} 2011, San Jose, CA, USA,
               June 4-8, 2011},
  pages     = {317--328},
  year      = {2011},
  crossref  = {DBLP:conf/pldi/2011},
  url       = {http://doi.acm.org/10.1145/1993498.1993536},
  doi       = {10.1145/1993498.1993536},
  timestamp = {Tue, 07 Jun 2011 16:07:38 +0200},
  biburl    = {http://dblp.uni-trier.de/rec/bib/conf/pldi/HarrisG11},
  bibsource = {dblp computer science bibliography, http://dblp.org}
}

@article{DBLP:journals/ml/LauWDW03,
  author    = {Tessa A. Lau and
               Steven A. Wolfman and
               Pedro M. Domingos and
               Daniel S. Weld},
  title     = {Programming by Demonstration Using Version Space Algebra},
  journal   = {Machine Learning},
  volume    = {53},
  number    = {1-2},
  pages     = {111--156},
  year      = {2003},
  url       = {http://dx.doi.org/10.1023/A:1025671410623},
  doi       = {10.1023/A:1025671410623},
  timestamp = {Thu, 07 May 2015 20:04:46 +0200},
  biburl    = {http://dblp.uni-trier.de/rec/bib/journals/ml/LauWDW03},
  bibsource = {dblp computer science bibliography, http://dblp.org}
}